@inproceedings{Occupancy_Networks,
title = {Occupancy Networks: Learning 3D Reconstruction in Function Space},
author = {Mescheder, Lars and Oechsle, Michael and Niemeyer, Michael and Nowozin, Sebastian and Geiger, Andreas},
booktitle = {Proceedings IEEE Conf. on Computer Vision and Pattern Recognition (CVPR)},
year = {2019}
}

@article{dgcnn,
    title={Dynamic Graph CNN for Learning on Point Clouds},
    author={Wang, Yue and Sun, Yongbin and Liu, Ziwei and Sarma, Sanjay E. and Bronstein, Michael M. and Solomon, Justin M.},
    journal={ACM Transactions on Graphics (TOG)},
    year={2019}
}

@inproceedings{sapcu,
    title = {Self-Supervised Arbitrary-Scale Point Clouds Upsampling via Implicit Neural Representation},
    author = {Wenbo Zhao and Xianming Liu and Zhiwei Zhong and Junjun Jian and Wei Gao and Ge Li and Xiangyang Ji},
    booktitle = {Proceedings IEEE Conf. on Computer Vision and Pattern Recognition (CVPR)},
    month     = {June},
    year      = {2022},
    pages     = {1999-2007}
}

@misc{chang2015shapenet,
    title={ShapeNet: An Information-Rich 3D Model Repository},
    author={Angel X. Chang and Thomas Funkhouser and Leonidas Guibas and Pat Hanrahan and Qixing Huang and Zimo Li and Silvio Savarese and Manolis Savva and Shuran Song and Hao Su and Jianxiong Xiao and Li Yi and Fisher Yu},
    year={2015},
    eprint={1512.03012},
    archivePrefix={arXiv},
    primaryClass={cs.GR}
}

@misc{qi2017pointnet,
    title={PointNet++: Deep Hierarchical Feature Learning on Point Sets in a Metric Space},
    author={Charles R. Qi and Li Yi and Hao Su and Leonidas J. Guibas},
    year={2017},
    eprint={1706.02413},
    archivePrefix={arXiv},
    primaryClass={cs.CV}
}

@article{NDT-RANSAC,
    author = {Li, Lin and Yang, Fan and Zhu, Haihong and Li, Dalin and Li, You and Tang, Lei},
    year = {2017},
    month = {05},
    pages = {},
    title = {An Improved RANSAC for 3D Point Cloud Plane Segmentation Based on Normal Distribution Transformation Cells},
    volume = {9},
    journal = {Remote Sensing},
    doi = {10.3390/rs9050433}
}

@misc{MinecraftUBC,
    title={MinecraftUBC: A proof-of-concept for transforming UBC's Vancouver Campus into a Minecraft world through the use of geospatial data processing and machine learning},
    author={Ashtan Mistal},
    year={2023},
    howpublished = {\url{https://github.com/ashtanmistal/minecraftUBC/releases/tag/1.0.0}},
}

@misc{xufana_ransac_2023,
    author = {Dasha Andreeva},
    title = {RANSAC: Trying NDT-RANSAC},
    year = {2023},
    publisher = {GitHub},
    journal = {GitHub repository},
    howpublished = {\url{https://github.com/xufana/RANSAC}},
    commit = {Dec 2021}
}

@misc{ubcgeospatial,
    title={UBC Open Geospatial Data},
    author={UBC Library},
    year={2023},
    howpublished = {\url{https://github.com/UBCGeodata/ubc-geospatial-opendata}},
}

@misc{PytorchPointnetPointnet2,
      Author = {Xu Yan},
      Title = {Pointnet/Pointnet++ Pytorch},
      howpublished = {\url{https://github.com/yanx27/Pointnet_Pointnet2_pytorch}},
      Year = {2019}
}

@article{dfcn,
title={Directionally constrained fully convolutional neural network for airborne LiDAR point cloud classification},
author={Wen, Congcong and Yang, Lina and Li, Xiang and Peng, Ling and Chi, Tianhe},
journal={ISPRS Journal of Photogrammetry and Remote Sensing},
volume={162},
pages={50--62},
year={2020},
publisher={Elsevier}
}

@data{2019DataFusionContest,
doi = {10.21227/c6tm-vw12},
url = {https://dx.doi.org/10.21227/c6tm-vw12},
author = {Le Saux, Bertrand and Yokoya, Naoto and HÃ¤nsch, Ronny and Brown, Myron},
publisher = {IEEE Dataport},
title = {Data Fusion Contest 2019 (DFC2019)},
year = {2019} 
} 